<record><leader>00000cas a22000007a 4500</leader><controlfield tag="001">11790899</controlfield><controlfield tag="008">850311d19121913wiuwr ne      0    0eng d</controlfield><datafield ind1=" " ind2=" " tag="010"><subfield code="a">sn 85040345 </subfield></datafield><datafield ind1=" " ind2=" " tag="040"><subfield code="a">NPV</subfield><subfield code="b">eng</subfield><subfield code="c">NPV</subfield><subfield code="d">OCLCQ</subfield></datafield><datafield ind1=" " ind2=" " tag="042"><subfield code="a">msc</subfield></datafield><datafield ind1=" " ind2=" " tag="043"><subfield code="a">n-us-wi</subfield></datafield><datafield ind1=" " ind2=" " tag="045"><subfield code="a">x1x1</subfield></datafield><datafield ind1=" " ind2=" " tag="052"><subfield code="a">4123</subfield><subfield code="b">O2</subfield></datafield><datafield ind1="0" ind2="0" tag="245"><subfield code="a">Oconto County chronicle.</subfield></datafield><datafield ind1="1" ind2="7" tag="246"><subfield code="a">Chronicle</subfield></datafield><datafield ind1=" " ind2=" " tag="260"><subfield code="a">Suring, Wis. :</subfield><subfield code="b">A.O. Wright,</subfield><subfield code="c">1912-1913.</subfield></datafield><datafield ind1=" " ind2=" " tag="300"><subfield code="a">2 v. :</subfield><subfield code="b">ill.</subfield></datafield><datafield ind1=" " ind2=" " tag="310"><subfield code="a">Weekly</subfield></datafield><datafield ind1="0" ind2=" " tag="362"><subfield code="a">Vol. 1, no. 1 (May 30, 1912)-v. 2, no. 6 (July 10, 1913).</subfield></datafield><datafield ind1=" " ind2=" " tag="500"><subfield code="a">Editor: R.H. Wright.</subfield></datafield><datafield ind1=" " ind2=" " tag="530"><subfield code="a">Available on microfilm from The State Historical Society of Wisconsin.</subfield></datafield><datafield ind1=" " ind2=" " tag="752"><subfield code="a">United States</subfield><subfield code="b">Wisconsin</subfield><subfield code="c">Oconto</subfield><subfield code="d">Suring.</subfield></datafield><datafield ind1="0" ind2="4" tag="785"><subfield code="t">Oconto County reporter (Oconto, Wis. : 1871)</subfield><subfield code="w">(DLC)sn 86086313</subfield></datafield><datafield ind1="1" ind2=" " tag="029"><subfield code="a">AU@</subfield><subfield code="b">000025799644</subfield></datafield></record>